<record><leader>00000cas a2200000 a 4500</leader><controlfield tag="001">17398091</controlfield><controlfield tag="008">880127d19721972wauwr ne      0    0eng d</controlfield><datafield ind1=" " ind2=" " tag="010"><subfield code="a">sn 88085442 </subfield></datafield><datafield ind1=" " ind2=" " tag="040"><subfield code="a">SLZ</subfield><subfield code="b">eng</subfield><subfield code="c">SLZ</subfield><subfield code="d">OCL</subfield><subfield code="d">OCLCQ</subfield><subfield code="d">OCLCF</subfield><subfield code="d">OCLCO</subfield></datafield><datafield ind1="1" ind2=" " tag="029"><subfield code="a">AU@</subfield><subfield code="b">000020498402</subfield></datafield><datafield ind1=" " ind2=" " tag="042"><subfield code="a">msc</subfield></datafield><datafield ind1=" " ind2=" " tag="043"><subfield code="a">n-us-wa</subfield></datafield><datafield ind1="0" ind2=" " tag="130"><subfield code="a">Record (Ferndale, Wash.)</subfield></datafield><datafield ind1="1" ind2="4" tag="245"><subfield code="a">The record.</subfield></datafield><datafield ind1=" " ind2=" " tag="260"><subfield code="a">Ferndale, Wash. :</subfield><subfield code="b">Record Pub. Co.</subfield></datafield><datafield ind1=" " ind2=" " tag="300"><subfield code="a">v.</subfield></datafield><datafield ind1=" " ind2=" " tag="310"><subfield code="a">Weekly</subfield></datafield><datafield ind1="0" ind2=" " tag="362"><subfield code="a">Vol. 68, no. 44 (Mar. 1, 1972)-v. 69, no. 27 (Nov. 27, 1972).</subfield></datafield><datafield ind1=" " ind2="0" tag="651"><subfield code="a">Ferndale (Wash.)</subfield><subfield code="v">Newspapers.</subfield></datafield><datafield ind1=" " ind2="7" tag="655"><subfield code="a">Newspapers.</subfield><subfield code="2">fast</subfield><subfield code="0">(OCoLC)fst01423814</subfield></datafield><datafield ind1=" " ind2="7" tag="651"><subfield code="a">Washington (State)</subfield><subfield code="z">Ferndale.</subfield><subfield code="2">fast</subfield><subfield code="0">(OCoLC)fst01223585</subfield></datafield><datafield ind1=" " ind2=" " tag="752"><subfield code="a">United States</subfield><subfield code="b">Washington</subfield><subfield code="c">Whatcom</subfield><subfield code="d">Ferndale.</subfield></datafield><datafield ind1="0" ind2="0" tag="780"><subfield code="t">Ferndale record</subfield><subfield code="w">(DLC)sn 88085444</subfield></datafield><datafield ind1="0" ind2="7" tag="785"><subfield code="t">Blaine journal (Blaine, Wash. : 1937)</subfield><subfield code="w">(DLC)sn 88085585</subfield></datafield><datafield ind1="0" ind2="7" tag="785"><subfield code="t">Westside record-journal</subfield><subfield code="w">(DLC)sn 88085443</subfield></datafield></record>